@Article{étiquette,
title = {Chosen-prefix collision for MD5 and applications},
author = {M. Stevens, Arjen K. Lenstra, Benne de Weger},
journal = {Inderscience Enterprises Ltd},
volume* = {volume},
year = {2012},
pages* = {}
month = {}
note* = {}
}


@Article{étiquette,
title = {A Study of the MD5 Collisions},
author = {Vladimir Nasteski, Doc. D-r Toni Stojanovski},
journal = {Faculty of Informatics, European University},
volume* = {},
year = {},
pages* = {}
month = {}
note* = {}
}

@Article{étiquette,
title = {Tunnels in Hash Functions: MD5 Collisions Within a
Minute},
author = {Vlastimil Klima},
journal = {},
volume* = {},
year = {2006},
pages* = {}
month = {}
note* = {}
}

@Article{étiquette,
title = {le titre de la publi},
author = {liste des auteurs},
journal = {journal},
volume* = {volume},
year = {année},
pages* = {pages concernées}
month = {mois}
note* = {note}
}

@Article{étiquette,
title = {A Meaningful MD5 Hash Collision Attack},
author = {Narayana D. Kashyap},
journal = {San Jose State University},
volume* = {},
year = {2006},
pages* = {}
month = {}
note* = {}
}

@Article{étiquette,
title = {le titre de la publi},
author = {liste des auteurs},
journal = {journal},
volume* = {volume},
year = {année},
pages* = {pages concernées}
month = {mois}
note* = {note}
}

@Article{étiquette,
title = {Single-block collision attack on MD5},
author = {Marc Stevens},
journal = {Cryptology Group, CWI},
volume* = {},
year = {2012},
pages* = {}
month = {Janvier}
note* = {}
}

@Article{étiquette,
title = {le titre de la publi},
author = {liste des auteurs},
journal = {journal},
volume* = {volume},
year = {année},
pages* = {pages concernées}
month = {mois}
note* = {note}
}

@Article{étiquette,
title = {Practical Attacks on Digital Signatures Using MD5
Message Digest},
author = {Ondrej Mikle},
journal = {},
volume* = {},
year = {2004},
pages* = {}
month = {décembre}
note* = {}
}

@Article{étiquette,
title = {le titre de la publi},
author = {liste des auteurs},
journal = {journal},
volume* = {volume},
year = {année},
pages* = {pages concernées}
month = {mois}
note* = {note}
}

@Article{étiquette,
title = {Colliding X.509 Certificates},
author = {Arjen Lenstra, Xiaoyun Wang, and Benne de Weger},
journal = {},
volume* = {},
year = {2005},
pages* = {}
month = {mars}
note* = {}
}

@Article{étiquette,
title = {le titre de la publi},
author = {liste des auteurs},
journal = {journal},
volume* = {volume},
year = {année},
pages* = {pages concernées}
month = {mois}
note* = {note}
}

@Article{étiquette,
title = {Target Collisions for MD5 and
Colliding X.509 Certificates for Different Identities},
author = {Marc Stevens, Arjen Lenstra, and Benne de Weger},
journal = {},
volume* = {},
year = {2006},
pages* = {}
month = {novembre}
note* = {}
}

@Article{étiquette,
title = {Chosen-prefix Collisions for MD5 and
Colliding X.509 Certificates for Different Identities},
author = {Marc Stevens, Arjen Lenstra, and Benne de Weger},
journal = {},
volume* = {},
year = {},
pages* = {}
month = {}
note* = {}
}

@Article{étiquette,
title = {le titre de la publi},
author = {liste des auteurs},
journal = {journal},
volume* = {volume},
year = {année},
pages* = {pages concernées}
month = {mois}
note* = {note}
}

@Article{étiquette,
title = {Short Chosen-Prefix Collisions for MD5
and the Creation of a Rogue CA Certificate},
author = {Marc Stevens, Alexander Sotirov,
Jacob Appelbaum, Arjen Lenstra, David Molnar,
Dag Arne Osvik, and Benne de Weger},
journal = {Eurocrypt},
volume* = {},
year = {2007},
pages* = {}
month = {}
note* = {}
}

@Article{étiquette,
title = {MD5 considered harmful today, Creating a rogue CA certificate},
author = {Alexander Sotirov, Marc Stevens,
Jacob Appelbaum, Arjen Lenstra, David Molnar, Dag Arne Osvik, Benne de Weger},
journal = {},
volume* = {},
year = {2008},
pages* = {}
month = {décembre}
note* = {}
}

@Article{étiquette,
title = {MD5 collisions and the impact on computer
forensics},
author = {Eric Thompson},
journal = {},
volume* = {volume},
year = {2005},
pages* = {}
month = {}
note* = {}
}

@Article{étiquette,
title = {A Single Block Chosen Prefix Collision for
MD5},
author = {Marc Stevens, CWI, in collaboration with LACAL, EPFL},
journal = {},
volume* = {},
year = {2009},
pages* = {}
month = {juin}
note* = {}
}

@Article{étiquette,
title = {On the possibility of constructing meaningful
hash collisions for public keys
full version , with an appendix
on colliding X.509 certificates},
author = {Arjen Lenstra and Benne de Weger},
journal = {},
volume* = {},
year = {},
pages* = {}
month = {}
note* = {}
}

@Article{étiquette,
title = {Colliding X.509 Certificates},
author = {Arjen Lenstra, Xiaoyun Wang, and Benne de Weger},
journal = {version 1.0},
volume* = {},
year = {2005},
pages* = {}
month = {mars}
note* = {}
}

@Article{étiquette,
title = {http://www.win.tue.nl/hashclash/index.php},
author = {},
journal = {},
volume* = {},
year = {},
pages* = {}
month = {}
note* = {}
}
